@article{Chen2018,
    doi = {10.1093/bioinformatics/bty560},
    url = {https://doi.org/10.1093/bioinformatics/bty560},
    year = {2018},
    month = sep,
    publisher = {Oxford University Press ({OUP})},
    volume = {34},
    number = {17},
    pages = {i884--i890},
    author = {Shifu Chen and Yanqing Zhou and Yaru Chen and Jia Gu},
    title = {fastp: an ultra-fast all-in-one {FASTQ} preprocessor},
    journal = {Bioinformatics},
}

@article{Tirosh2016,
    doi = {10.1038/nature20123},
    url = {https://doi.org/10.1038/nature20123},
    year = {2016},
    month = nov,
    publisher = {Springer Science and Business Media {LLC}},
    volume = {539},
    number = {7628},
    pages = {309--313},
    author = {Itay Tirosh and Andrew S. Venteicher and Christine Hebert and Leah
              E. Escalante and Anoop P. Patel and Keren Yizhak and Jonathan M.
              Fisher and Christopher Rodman and Christopher Mount and Mariella G.
              Filbin and Cyril Neftel and Niyati Desai and Jackson Nyman and
              Benjamin Izar and Christina C. Luo and Joshua M. Francis and Aanand
              A. Patel and Maristela L. Onozato and Nicolo Riggi and Kenneth J.
              Livak and Dave Gennert and Rahul Satija and Brian V. Nahed and
              William T. Curry and Robert L. Martuza and Ravindra Mylvaganam and
              A. John Iafrate and Matthew P. Frosch and Todd R. Golub and Miguel
              N. Rivera and Gad Getz and Orit Rozenblatt-Rosen and Daniel P.
              Cahill and Michelle Monje and Bradley E. Bernstein and David N.
              Louis and Aviv Regev and Mario L. Suv{\`{a}}},
    title = {Single-cell {RNA}-seq supports a developmental hierarchy in human
             oligodendroglioma},
    journal = {Nature},
}
@article{Lin2022,
    doi = {10.1038/s41587-021-01161-6},
    url = {https://doi.org/10.1038/s41587-021-01161-6},
    year = {2022},
    month = jan,
    publisher = {Springer Science and Business Media {LLC}},
    volume = {40},
    number = {5},
    pages = {703--710},
    author = {Yingxin Lin and Tung-Yu Wu and Sheng Wan and Jean Y. H. Yang and
              Wing H. Wong and Y. X. Rachel Wang},
    title = {{scJoint} integrates atlas-scale single-cell {RNA}-seq and {ATAC}
             -seq data with transfer learning},
    journal = {Nature Biotechnology},
}
@article{Chen2016,
    doi = {10.1038/nmeth.4031},
    url = {https://doi.org/10.1038/nmeth.4031},
    year = {2016},
    month = oct,
    publisher = {Springer Science and Business Media {LLC}},
    volume = {13},
    number = {12},
    pages = {1013--1020},
    author = {Xingqi Chen and Ying Shen and Will Draper and Jason D Buenrostro
              and Ulrike Litzenburger and Seung Woo Cho and Ansuman T Satpathy
              and Ava C Carter and Rajarshi P Ghosh and Alexandra East-Seletsky
              and Jennifer A Doudna and William J Greenleaf and Jan T Liphardt
              and Howard Y Chang},
    title = {{ATAC}-see reveals the accessible genome by transposase-mediated
             imaging and sequencing},
    journal = {Nature Methods},
}

@misc{dcjones2023Feb,
    author = {dcjones},
    title = {{coitrees}},
    journal = {GitHub},
    year = {2023},
    month = feb,
    note = {[Online; accessed 27. Feb. 2023]},
    url = {https://github.com/dcjones/coitrees},
}

@article{Quinlan2010,
    doi = {10.1093/bioinformatics/btq033},
    url = {https://doi.org/10.1093/bioinformatics/btq033},
    year = {2010},
    month = jan,
    publisher = {Oxford University Press ({OUP})},
    volume = {26},
    number = {6},
    pages = {841--842},
    author = {Aaron R. Quinlan and Ira M. Hall},
    title = {{BEDTools}: a flexible suite of utilities for comparing genomic
             features},
    journal = {Bioinformatics},
}
